@misc{CPSI, title={CPS1 orthologs - NCBI}, url={https://www.ncbi.nlm.nih.gov/gene/1373/ortholog/?scope=7776}, journal={National Center for Biotechnology Information}, publisher={U.S. National Library of Medicine}}

@misc{CPSII, title={CAD orthologs - NCBI}, url={https://www.ncbi.nlm.nih.gov/gene/790/ortholog/?scope=7776}, journal={National Center for Biotechnology Information}, publisher={U.S. National Library of Medicine}}

@misc{conserved, title={NCBI Conserved Domain Search}, url={https://www.ncbi.nlm.nih.gov/Structure/cdd/wrpsb.cgi?RID=ZCFN9YWD014&mode=all}, journal={National Center for Biotechnology Information}, publisher={U.S. National Library of Medicine}}

@misc{blast, title={Protein BLAST: search protein databases using a protein query}, url={https://blast.ncbi.nlm.nih.gov/Blast.cgi?PROGRAM=blastp&PAGE_TYPE=BlastSearch&LINK_LOC=blasthome}, journal={National Center for Biotechnology Information}, publisher={U.S. National Library of Medicine}}

@misc{interpro7-client, url={https://www.ebi.ac.uk/interpro/entry/InterPro/#table}, journal={interpro7-client}}

@misc{pfam, title={Home page}, url={https://pfam.xfam.org/}, journal={Pfam}}